DATE,revenue,tv_S,ooh_S,print_S,facebook_I,search_clicks_P,search_S,competitor_sales_B,facebook_S,events,newsletter,cpi,cci,gdp,jan,feb,mar,apr,may,jun,jul,aug,sept,oct,nov,new_years,mothers_day,fathers_day,christmas
11/23/2015,2754371.67,67075.04,0,38185.46667,72903852.71,0,0,8125009,22821.39874,0,19401.65385,237.336,100.592,183.632,0,0,0,0,0,0,0,0,0,0,1,0,0,0,0
11/30/2015,2584276.67,85840.36,0,0,16581099.55,29511.71546,12400,7901549,3425.857351,0,14791,237.336,100.592,183.632,0,0,0,0,0,0,0,0,0,0,1,0,0,0,0
12/7/2015,2547386.67,0,396835.2,1361.6,49954773.67,36132.35896,11360,8300197,12769.12613,0,14544,236.525,100.691,183.942,0,0,0,0,0,0,0,0,0,0,0,0,0,0,0
12/14/2015,2875220.00,250350.92,0,53040,31649297.03,36804.21096,12760,8122883,8401.472031,0,2800,236.525,100.691,183.942,0,0,0,0,0,0,0,0,0,0,0,0,0,0,0
12/21/2015,2215953.33,0,832008,0,8802269.479,28401.74407,10840,7105985,2068.747816,0,15478,236.525,100.691,183.942,0,0,0,0,0,0,0,0,0,0,0,0,0,0,0
12/28/2015,2569921.67,99675.92,0,95766.93333,49902081.11,38061.77591,11320,7097237,16011.01552,0,13817,236.525,100.691,183.942,0,0,0,0,0,0,0,0,0,0,0,0,0,0,1
1/4/2016,2171506.67,2061.16,680260.8,0,41147695.82,36289.51378,11120,6974368,10869.0367,0,28817,236.748,100.699,184.120,1,0,0,0,0,0,0,0,0,0,0,1,0,0,0
1/11/2016,2464131.67,8856.68,0,70743.86667,56554690.6,34765.10899,12800,7452174,12389.44846,0,19082,236.916,100.704,184.253,1,0,0,0,0,0,0,0,0,0,0,0,0,0,0
1/18/2016,2012520.00,0,0,0,35730563.64,28023.4815,9160,6703566,10869.0367,0,19679,236.916,100.704,184.253,1,0,0,0,0,0,0,0,0,0,0,0,0,0,0
1/25/2016,1738911.67,0,0,33731.73333,31861260.55,21069.73925,9160,5535394,9008.071755,0,15095,236.916,100.704,184.253,1,0,0,0,0,0,0,0,0,0,0,0,0,0,0
2/1/2016,1772306.67,49535.48,127432,0,0,28023.9773,8240,5480098,0,0,9795,236.944,100.699,184.342,0,1,0,0,0,0,0,0,0,0,0,0,0,0,0
2/8/2016,1809058.33,0,0,14290.66667,34249657.55,21323.33197,8080,5872523,10693.14659,0,10876,237.111,100.666,184.874,0,1,0,0,0,0,0,0,0,0,0,0,0,0,0
2/15/2016,1952740.00,198829.32,0,7345.2,15189759.02,0,0,5822926,4345.793221,0,19401.65385,237.111,100.666,184.874,0,1,0,0,0,0,0,0,0,0,0,0,0,0,0
2/22/2016,1507805.00,0,0,0,0,0,0,5027123,0,0,19401.65385,237.111,100.666,184.874,0,1,0,0,0,0,0,0,0,0,0,0,0,0,0
2/29/2016,1510391.67,124668.88,0,0,32458460.73,16067.67012,6880,4561518,7246.789212,0,583,237.111,100.666,184.874,0,1,0,0,0,0,0,0,0,0,0,0,0,0,0
3/7/2016,1588840.00,0,0,49518.26667,0,28877.38417,8480,4996211,0,0,8224,238.132,100.626,185.495,0,0,1,0,0,0,0,0,0,0,0,0,0,0,0
3/14/2016,1605990.00,59317.32,131982.4,0,0,17065.23476,7120,4938630,0,0,5311,238.132,100.626,185.495,0,0,1,0,0,0,0,0,0,0,0,0,0,0,0
3/21/2016,1356010.00,0,0,0,0,21110.45735,6880,4520383,0,0,7428,238.132,100.626,185.495,0,0,1,0,0,0,0,0,0,0,0,0,0,0,0
3/28/2016,2103936.67,0,198265.6,40738.26667,80241679.46,18271.14539,7600,4506918,19413.14522,0,10025,238.132,100.626,185.495,0,0,1,0,0,0,0,0,0,0,0,0,0,0,0
4/4/2016,1120835.00,0,0,0,3439178.323,13909.65659,5720,3738504,62.51193421,0,9460,238.777,100.638,185.850,0,0,0,1,0,0,0,0,0,0,0,0,0,0,0
4/11/2016,1141140.00,0,199241.6,0,0,13329.7719,5600,3768926,0,0,2964,239.261,100.648,186.116,0,0,0,1,0,0,0,0,0,0,0,0,0,0,0
4/18/2016,1166880.00,33380.2,0,0,28249364.1,17090.72333,5360,3663385,7046.06356,0,11663,239.261,100.648,186.116,0,0,0,1,0,0,0,0,0,0,0,0,0,0,0
4/25/2016,888806.67,0,0,0,0,12314.67422,5400,2960479,0,0,6317,239.261,100.648,186.116,0,0,0,1,0,0,0,0,0,0,0,0,0,0,0
5/2/2016,898873.33,0,0,37555.73333,0,11055.04348,3800,2861890,0,0,5408,239.538,100.684,186.272,0,0,0,0,1,0,0,0,0,0,0,0,0,0,0
5/9/2016,889373.33,0,149873.6,0,0,13268.14271,4280,2941465,0,0,1900,240.229,100.773,186.662,0,0,0,0,1,0,0,0,0,0,0,0,0,0,0
5/16/2016,1915375.00,0,0,0,50755966.77,0,0,3039148,11021.79232,0,19401.65385,240.229,100.773,186.662,0,0,0,0,1,0,0,0,0,0,0,0,1,0,0
5/23/2016,1006845.00,0,373328,0,0,0,0,3292482,0,0,19401.65385,240.229,100.773,186.662,0,0,0,0,1,0,0,0,0,0,0,0,0,0,0
5/30/2016,869198.33,0,0,0,0,13697.36256,4040,2895248,0,0,9003,240.229,100.773,186.662,0,0,0,0,1,0,0,0,0,0,0,0,0,0,0
6/6/2016,727250.00,0,0,0,0,9330.996159,3600,2427455,0,0,4305,240.905,100.754,187.130,0,0,0,0,0,1,0,0,0,0,0,0,0,0,0
6/13/2016,753730.00,0,0,0,0,14439.94311,4560,2516566,0,0,7217,241.018,100.751,187.208,0,0,0,0,0,1,0,0,0,0,0,0,0,0,0
6/20/2016,999196.67,61417.16,371724.8,0,33454960.66,13426.18537,4880,3012353,7659.467544,0,1983,241.018,100.751,187.208,0,0,0,0,0,1,0,0,0,0,0,0,0,1,0
6/27/2016,845843.33,0,0,0,0,11025.09151,4520,2826660,0,0,3437,241.018,100.751,187.208,0,0,0,0,0,1,0,0,0,0,0,0,0,0,0
7/4/2016,1126016.67,30363.04,0,15505.2,0,13000.97539,5240,3489775,0,0,4147,240.795,100.665,187.521,0,0,0,0,0,0,1,0,0,0,0,0,0,0,0
7/11/2016,1140978.33,0,0,0,0,17558.74219,5720,3807127,0,0,8479,240.628,100.601,187.755,0,0,0,0,0,0,1,0,0,0,0,0,0,0,0
7/18/2016,1242656.67,5701.24,958929.6,14342,33729872.87,12646.61028,4280,3824504,10658.44487,0,6348,240.628,100.601,187.755,0,0,0,0,0,0,1,0,0,0,0,0,0,0,0
7/25/2016,1293483.33,0,0,0,0,18869.83387,5840,4307032,0,0,13762,240.628,100.601,187.755,0,0,0,0,0,0,1,0,0,0,0,0,0,0,0
8/1/2016,1484843.33,84540.76,492651.2,0,53605561.39,20555.1551,6840,4396674,15306.09425,0,11841,240.660,100.585,187.846,0,0,0,0,0,0,0,1,0,0,0,0,0,0,0
8/8/2016,1485698.33,0,0,2423.333333,0,21913.05633,7600,4941143,0,0,17162,240.849,100.493,188.397,0,0,0,0,0,0,0,1,0,0,0,0,0,0,0
8/15/2016,1556608.33,85892.04,0,0,15373941.62,0,0,4762083,3035.633075,0,19401.65385,240.849,100.493,188.397,0,0,0,0,0,0,0,1,0,0,0,0,0,0,0
8/22/2016,1391206.67,0,0,41939.2,11664166.53,0,0,4409483,1925.518155,0,19401.65385,240.849,100.493,188.397,0,0,0,0,0,0,0,1,0,0,0,0,0,0,0
8/29/2016,2018783.33,71973.48,478937.6,0,0,27453.53936,9240,6065021,0,0,2453,240.849,100.493,188.397,0,0,0,0,0,0,0,1,0,0,0,0,0,0,0
9/5/2016,2170721.67,63785.52,263430.4,9244.133333,3879870.365,21811.12699,9520,6512777,188.3907329,0,3186,241.263,100.479,188.855,0,0,0,0,0,0,0,0,1,0,0,0,0,0,0
9/12/2016,2247670.00,0,480347.2,0,0,30396.49893,10000,7311071,0,0,11247,241.428,100.473,189.038,0,0,0,0,0,0,0,0,1,0,0,0,0,0,0
9/19/2016,2192026.67,0,98083.2,76609.86667,54564098.36,31697.68061,10200,6652807,13612.8543,0,15280,241.428,100.473,189.038,0,0,0,0,0,0,0,0,1,0,0,0,0,0,0
9/26/2016,1895213.33,0,487126.4,0,0,22420.11815,8920,6168548,0,0,2886,241.428,100.473,189.038,0,0,0,0,0,0,0,0,1,0,0,0,0,0,0
10/3/2016,2232910.00,433609.92,365609.6,29439.46667,42679536.94,28940.12738,10120,6395275,9441.503078,0,14067,241.557,100.507,189.314,0,0,0,0,0,0,0,0,0,1,0,0,0,0,0
10/10/2016,2406035.00,0,0,32171.33333,46050657.17,37640.48678,11960,7711902,10842.50009,0,24098,241.729,100.552,189.680,0,0,0,0,0,0,0,0,0,1,0,0,0,0,0
10/17/2016,2252445.00,244168.04,89387.2,0,61417892.42,36705.0621,11160,6734048,15973.25188,0,26550,241.729,100.552,189.680,0,0,0,0,0,0,0,0,0,1,0,0,0,0,0
10/24/2016,2663125.00,0,476737.6,28082.93333,63942540.26,31599.39534,12240,8356638,17597.76881,0,17728,241.729,100.552,189.680,0,0,0,0,0,0,0,0,0,1,0,0,0,0,0
10/31/2016,2974771.67,281984.36,0,0,71765591.94,34659.92398,14680,8937615,19222.28574,0,13989,241.729,100.552,189.680,0,0,0,0,0,0,0,0,0,1,0,0,0,0,0
11/7/2016,2826128.33,0,427806.4,34631.46667,64033311.37,42223.9927,12480,8832206,20864.83396,0,29426,241.353,100.888,190.281,0,0,0,0,0,0,0,0,0,0,1,0,0,0,0
11/14/2016,3182900.00,156973.16,0,0,52199572.16,0,0,9584624,15996.04615,0,19401.65385,241.353,100.888,190.281,0,0,0,0,0,0,0,0,0,0,1,0,0,0,0
11/21/2016,2964696.67,20871.16,435054.4,21879.2,80485549.89,0,0,9029457,20046.28155,0,19401.65385,241.353,100.888,190.281,0,0,0,0,0,0,0,0,0,0,1,0,0,0,0
11/28/2016,2848525.00,0,0,12428.8,53736753.5,73955.95632,28600,9334174,14195.63911,0,27941,241.353,100.888,190.281,0,0,0,0,0,0,0,0,0,0,1,0,0,0,0
12/5/2016,2740160.00,42763.2,717241.6,0,21469926.03,65123.98793,25200,8234498,4969.403594,0,51273,241.409,101.134,190.710,0,0,0,0,0,0,0,0,0,0,0,0,0,0,0
12/12/2016,2380508.33,0,0,0,29472934.6,52768.86061,22040,7904539,9091.08372,0,19606,241.432,101.232,190.881,0,0,0,0,0,0,0,0,0,0,0,0,0,0,0
12/19/2016,2230915.00,0,1004760,0,14122124.69,47686.78427,20680,7127441,3035.633075,0,4453,241.432,101.232,190.881,0,0,0,0,0,0,0,0,0,0,0,0,0,0,0
12/26/2016,3659425.00,323163.04,0,0,68537049.5,77849.586,23200,7730351,21679.64402,0,559,241.432,101.232,190.881,0,0,0,0,0,0,0,0,0,0,0,0,0,0,1
1/2/2017,2827008.33,123163.04,1361088,83994.4,58171140.21,58179.84153,22120,7498330,12843.63277,0,46507,241.834,101.275,191.053,1,0,0,0,0,0,0,0,0,0,0,1,0,0,0
1/9/2017,2042143.33,0,0,0,58671678.03,63213.96521,21240,6815506,16418.93087,0,21771,242.839,101.383,191.482,1,0,0,0,0,0,0,0,0,0,0,0,0,0,0
1/16/2017,2113358.33,17739.88,0,4606.933333,56039474.62,61912.6341,20120,6701008,17963.15754,0,35351,242.839,101.383,191.482,1,0,0,0,0,0,0,0,0,0,0,0,0,0,0
1/23/2017,2179918.33,0,0,32342.93333,86758062.44,61384.37354,21000,6998027,19507.38421,0,13998,242.839,101.383,191.482,1,0,0,0,0,0,0,0,0,0,0,0,0,0,0
1/30/2017,2370613.33,120734.88,0,0,60054669.93,68123.11287,21680,7097324,12841.93171,0,27415,242.839,101.383,191.482,1,0,0,0,0,0,0,0,0,0,0,0,0,0,0
2/6/2017,1814556.67,0,0,0,0,44602.76789,16760,6048680,0,0,4085,243.494,101.372,191.929,0,1,0,0,0,0,0,0,0,0,0,0,0,0,0
2/13/2017,1951668.33,0,383171.2,0,88205178.52,0,0,6290401,24781.36566,0,19401.65385,243.603,101.371,192.003,0,1,0,0,0,0,0,0,0,0,0,0,0,0,0
2/20/2017,1918238.33,0,0,32073.06667,0,0,0,6137639,0,0,19401.65385,243.603,101.371,192.003,0,1,0,0,0,0,0,0,0,0,0,0,0,0,0
2/27/2017,1472390.00,0,0,0,142691898.2,37539.20492,13520,4802056,41701.8577,0,26556,243.603,101.371,192.003,0,1,0,0,0,0,0,0,0,0,0,0,0,0,0
3/6/2017,1477865.00,0,0,42083.33333,0,46462.99321,14000,4688746,0,0,12272,243.773,101.344,192.450,0,0,1,0,0,0,0,0,0,0,0,0,0,0,0
3/13/2017,1300166.67,31082.64,0,0,0,41198.0192,12640,4119318,0,0,25992,243.801,101.339,192.524,0,0,1,0,0,0,0,0,0,0,0,0,0,0,0
3/20/2017,1160205.00,0,0,59561.46667,0,29804.31852,11320,3618373,0,0,22696,243.801,101.339,192.524,0,0,1,0,0,0,0,0,0,0,0,0,0,0,0
3/27/2017,1356871.67,0,73428.8,0,31147280.42,45902.22993,14400,4476843,7847.605316,0,26404,243.801,101.339,192.524,0,0,1,0,0,0,0,0,0,0,0,0,0,0,0
4/3/2017,1355833.33,0,0,0,0,31975.80037,13680,4523389,0,0,1245,244.111,101.322,192.747,0,0,0,1,0,0,0,0,0,0,0,0,0,0,0
4/10/2017,1176266.67,0,1501084.8,0,0,25465.64866,11000,3711150,0,0,1126,244.524,101.299,193.045,0,0,0,1,0,0,0,0,0,0,0,0,0,0,0
4/17/2017,1955281.67,22407.16,0,0,0,27251.5034,10640,3057885,0,0,11966,244.524,101.299,193.045,0,0,0,1,0,0,0,0,0,0,0,0,0,0,0
4/24/2017,1029928.33,0,888464,0,0,26141.46141,9800,3309344,0,0,17897,244.524,101.299,193.045,0,0,0,1,0,0,0,0,0,0,0,0,0,0,0
5/1/2017,2263143.33,109868.76,0,0,0,22180.03825,7800,2826863,0,0,6052,244.554,101.289,193.168,0,0,0,0,1,0,0,0,0,0,0,0,1,0,0
5/8/2017,813771.67,0,919038.4,0,0,18525.61577,8040,2604828,0,0,9055,244.733,101.226,193.903,0,0,0,0,1,0,0,0,0,0,0,0,0,0,0
5/15/2017,880871.67,0,0,0,0,0,0,2940496,0,0,19401.65385,244.733,101.226,193.903,0,0,0,0,1,0,0,0,0,0,0,0,0,0,0
5/22/2017,919185.00,0,123019.2,0,46342101.03,0,0,3024982,11935.60436,0,19401.65385,244.733,101.226,193.903,0,0,0,0,1,0,0,0,0,0,0,0,0,0,0
5/29/2017,826321.67,0,0,21524.13333,0,18580.09291,6520,2681061,0,0,5778,244.733,101.226,193.903,0,0,0,0,1,0,0,0,0,0,0,0,0,0,0
6/5/2017,833798.33,27376.4,127460.8,0,38495441.92,18758.71243,8040,2609725,9276.159575,0,1988,244.892,101.149,194.516,0,0,0,0,0,1,0,0,0,0,0,0,0,0,0
6/12/2017,746271.67,0,0,0,0,22062.26296,6680,2487079,0,0,4794,244.955,101.118,194.761,0,0,0,0,0,1,0,0,0,0,0,0,0,0,0
6/19/2017,1036406.67,108779.04,0,0,3288608.27,26777.60258,9520,3149223,93.81152741,0,5180,244.955,101.118,194.761,0,0,0,0,0,1,0,0,0,0,0,0,0,1,0
6/26/2017,927931.67,0,475896,13978.26667,0,20789.34582,8000,2963072,0,0,1048,244.955,101.118,194.761,0,0,0,0,0,1,0,0,0,0,0,0,0,0,0
7/3/2017,1126943.33,13682.28,0,28719.2,75117628.18,37944.46489,11360,3485135,19950.34149,0,10977,244.883,101.100,195.129,0,0,0,0,0,0,1,0,0,0,0,0,0,0,0
7/10/2017,1184220.00,0,0,0,0,35559.57852,11160,3950566,0,0,6813,244.786,101.077,195.619,0,0,0,0,0,0,1,0,0,0,0,0,0,0,0
7/17/2017,1315508.33,29591.4,324544,74872.53333,0,33056.5174,11560,3800790,0,0,2361,244.786,101.077,195.619,0,0,0,0,0,0,1,0,0,0,0,0,0,0,0
7/24/2017,1279360.00,0,0,0,0,34686.81144,11600,4264348,0,0,15114,244.786,101.077,195.619,0,0,0,0,0,0,1,0,0,0,0,0,0,0,0
7/31/2017,1455811.67,34154.76,616320,4357.333333,0,38038.55553,13600,4429446,0,0,10044,244.786,101.077,195.619,0,0,0,0,0,0,1,0,0,0,0,0,0,0,0
8/7/2017,1553355.00,0,314598.4,28401.73333,0,53676.18901,16080,4916984,0,0,8930,245.519,101.175,196.728,0,0,0,0,0,0,0,1,0,0,0,0,0,0,0
8/14/2017,1374855.00,102141.16,0,0,0,0,0,4198833,0,0,19401.65385,245.519,101.175,196.728,0,0,0,0,0,0,0,1,0,0,0,0,0,0,0
8/21/2017,1970110.00,0,0,34044.53333,19322483.21,0,0,6276021,4028.034307,0,19401.65385,245.519,101.175,196.728,0,0,0,0,0,0,0,1,0,0,0,0,0,0,0
8/28/2017,2336431.67,353667.36,0,0,14227048.49,70335.07472,21000,7010039,2696.780957,0,33712,245.519,101.175,196.728,0,0,0,0,0,0,0,1,0,0,0,0,0,0,0
9/4/2017,2002065.00,0,0,0,0,44809.82457,19480,6679241,0,0,20000,246.262,101.245,197.362,0,0,0,0,0,0,0,0,1,0,0,0,0,0,0
9/11/2017,2027418.33,146607.8,450494.4,13831.06667,8110862.433,46999.40803,16760,5890204,1865.30046,0,2265,246.819,101.298,197.838,0,0,0,0,0,0,0,0,1,0,0,0,0,0,0
9/18/2017,1886570.00,0,0,0,0,55166.26943,19320,6289814,0,0,15924,246.819,101.298,197.838,0,0,0,0,0,0,0,0,1,0,0,0,0,0,0
9/25/2017,2529721.67,250991.52,433691.2,0,31678562.48,72998.56091,22920,7410667,7587.002181,0,24336,246.819,101.298,197.838,0,0,0,0,0,0,0,0,1,0,0,0,0,0,0
10/2/2017,2357930.00,333913.36,175089.6,0,0,69679.83376,22040,7799073,0,0,29510,246.774,101.342,198.155,0,0,0,0,0,0,0,0,0,1,0,0,0,0,0
10/9/2017,3003391.67,133913.36,981708.8,55514.8,58082600.28,55293.3578,24040,8147766,16045.71724,0,15458,246.663,101.451,198.948,0,0,0,0,0,0,0,0,0,1,0,0,0,0,0
10/16/2017,2283685.00,0,0,0,44812187.3,72764.83097,22760,7617066,12571.12219,0,43966,246.663,101.451,198.948,0,0,0,0,0,0,0,0,0,1,0,0,0,0,0
10/23/2017,2584721.67,133081.52,138273.6,0,64280547.01,69347.53117,23760,7756047,14195.63911,0,35016,246.663,101.451,198.948,0,0,0,0,0,0,0,0,0,1,0,0,0,0,0
10/30/2017,2565400.00,13935.68,0,0,67034964.42,73130.13117,25400,8307903,15820.15604,0,4749,246.663,101.451,198.948,0,0,0,0,0,0,0,0,0,1,0,0,0,0,0
11/6/2017,3407085.00,63447.04,955572.8,69119.73333,39944030.37,78990.71712,29480,9283504,10658.44487,0,25943,246.668,101.433,199.692,0,0,0,0,0,0,0,0,0,0,1,0,0,0,0
11/13/2017,2803291.67,0,0,0,95672835.51,0,0,9355428,22800.30554,0,19401.65385,246.669,101.430,199.817,0,0,0,0,0,0,0,0,0,0,1,0,0,0,0
11/20/2017,3303155.00,165682,315915.2,4038.266667,36587638.06,0,0,9662004,9839.892466,0,19401.65385,246.669,101.430,199.817,0,0,0,0,0,0,0,0,0,0,1,0,0,0,0
11/27/2017,3103743.33,0,0,28805.33333,35527833.91,110717.9037,45040,9984742,7391.379724,0,41469,246.669,101.430,199.817,0,0,0,0,0,0,0,0,0,0,1,0,0,0,0
12/4/2017,2793875.00,86770.64,263526.4,0,22479813.62,91229.41871,38200,8430013,4969.403594,0,16136,246.586,101.382,200.313,0,0,0,0,0,0,0,0,0,0,0,0,0,0,0
12/11/2017,2260396.67,0,0,0,31416253.72,81708.98719,33360,7544173,9091.08372,0,37784,246.524,101.346,200.686,0,0,0,0,0,0,0,0,0,0,0,0,0,0,0
12/18/2017,2399176.67,191247.16,275524.8,0,14540176.28,97406.95193,35000,7267249,3035.633075,0,43251,246.524,101.346,200.686,0,0,0,0,0,0,0,0,0,0,0,0,0,0,0
12/25/2017,3827520.00,271247.16,0,45103.33333,69049248.22,90029.68004,30240,6834014,21679.64402,0,57523,246.524,101.346,200.686,0,0,0,0,0,0,0,0,0,0,0,0,0,0,1
1/1/2018,3109461.67,0,0,15875.06667,43210526.92,99917.87573,31960,6891431,12843.63277,0,77617,247.265,101.298,202.035,1,0,0,0,0,0,0,0,0,0,0,1,0,0,0
1/8/2018,2228128.33,0,11841.6,0,66804744.28,101549.4327,32520,7355344,16418.93087,0,74527,251.712,101.008,210.131,1,0,0,0,0,0,0,0,0,0,0,0,0,0,0
1/15/2018,2202593.33,117267.72,0,46442,0,95898.97188,30240,6360391,0,0,10394,251.712,101.008,210.131,1,0,0,0,0,0,0,0,0,0,0,0,0,0,0
1/22/2018,1918293.33,0,170433.6,58042.26667,0,67393.76136,27680,5937052,0,0,9740,251.712,101.008,210.131,1,0,0,0,0,0,0,0,0,0,0,0,0,0,0
1/29/2018,1862458.33,75507.6,0,0,0,76315.53595,26880,5721235,0,0,13533,251.712,101.008,210.131,1,0,0,0,0,0,0,0,0,0,0,0,0,0,0
2/5/2018,1975951.67,0,0,14240.4,8899204.043,96828.85132,31840,6467565,1418.941044,0,56102,249.768,101.387,204.754,0,1,0,0,0,0,0,0,0,0,0,0,0,0,0
2/12/2018,1827318.33,27495.64,162556.8,0,0,0,0,5749120,0,0,19401.65385,248.991,101.539,202.604,0,1,0,0,0,0,0,0,0,0,0,0,0,0,0
2/19/2018,1656268.33,0,0,18934.26667,0,0,0,5389739,0,0,19401.65385,248.991,101.539,202.604,0,1,0,0,0,0,0,0,0,0,0,0,0,0,0
2/26/2018,1703790.00,37068.32,168513.6,30008.4,0,75508.86226,22240,5114017,0,0,19325,248.991,101.539,202.604,0,1,0,0,0,0,0,0,0,0,0,0,0,0,0
3/5/2018,1488115.00,0,0,0,0,68384.0442,22080,4961257,0,0,18078,249.393,101.611,203.353,0,0,1,0,0,0,0,0,0,0,0,0,0,0,0
3/12/2018,1727330.00,159360.76,271812.8,61460.4,0,54808.73577,21240,4823884,0,0,8711,249.554,101.640,203.653,0,0,1,0,0,0,0,0,0,0,0,0,0,0,0
3/19/2018,1208246.67,0,0,0,0,53429.69321,17880,4036244,0,0,12979,249.554,101.640,203.653,0,0,1,0,0,0,0,0,0,0,0,0,0,0,0
3/26/2018,1388960.00,59231.52,245745.6,8967.466667,0,44222.37021,19000,4191403,0,0,23910,249.554,101.640,203.653,0,0,1,0,0,0,0,0,0,0,0,0,0,0,0
4/2/2018,2408331.67,0,0,0,0,55400.03981,16560,3583995,0,0,10567,249.837,101.625,203.953,0,0,0,1,0,0,0,0,0,0,0,0,0,0,0
4/9/2018,1131721.67,0,33772.8,0,0,55494.36157,17920,3771321,0,0,41329,250.546,101.589,204.702,0,0,0,1,0,0,0,0,0,0,0,0,0,0,0
4/16/2018,950015.00,0,0,0,21011312.28,50425.56526,14920,3167512,6339.781435,0,21616,250.546,101.589,204.702,0,0,0,1,0,0,0,0,0,0,0,0,0,0,0
4/23/2018,801298.33,0,475060.8,0,0,36824.07093,11080,2604407,0,0,2529,250.546,101.589,204.702,0,0,0,1,0,0,0,0,0,0,0,0,0,0,0
4/30/2018,779838.33,0,0,0,145985945.1,28654.62717,9520,2549137,38401.7919,0,6836,250.546,101.589,204.702,0,0,0,1,0,0,0,0,0,0,0,0,0,0,0
5/7/2018,889546.67,0,179022.4,0,0,45582.27694,14160,2937422,0,0,330,251.588,101.503,205.426,0,0,0,0,1,0,0,0,0,0,0,0,0,0,0
5/14/2018,862850.00,0,0,20410.93333,145131039.9,0,0,2752045,39121.34233,0,19401.65385,251.588,101.503,205.426,0,0,0,0,1,0,0,0,0,0,0,0,0,0,0
5/21/2018,2601601.67,2841.32,78865.6,0,0,0,0,3080867,0,1,19401.65385,251.588,101.503,205.426,0,0,0,0,1,0,0,0,0,0,0,0,1,0,0
5/28/2018,905008.33,0,0,12616.26667,14870672.24,37990.53137,13920,2957153,3027.127751,0,28568,251.588,101.503,205.426,0,0,0,0,1,0,0,0,0,0,0,0,0,0,0
6/4/2018,910551.67,0,0,0,0,48237.86606,14160,3035519,0,0,26708,251.817,101.470,205.839,0,0,0,0,0,1,0,0,0,0,0,0,0,0,0
6/11/2018,923853.33,24944.04,0,16274,0,31886.21972,13600,2885659,0,0,7675,251.989,101.445,206.149,0,0,0,0,0,1,0,0,0,0,0,0,0,0,0
6/18/2018,982420.00,0,52388.8,0,0,48085.89361,16240,3263336,0,0,23355,251.989,101.445,206.149,0,0,0,0,0,1,0,0,0,0,0,0,0,0,0
6/25/2018,1056811.67,0,0,31152.4,39206418.58,39747.69701,15480,3369140,11270.82822,0,16989,251.989,101.445,206.149,0,0,0,0,0,1,0,0,0,0,0,0,0,1,0
7/2/2018,932326.67,43865.84,504304,0,0,31870.35714,11800,2839892,0,0,14653,251.994,101.436,206.356,0,0,0,0,0,0,1,0,0,0,0,0,0,0,0
7/9/2018,1126221.67,0,0,34463.73333,102710071.7,43367.52227,15560,3555964,24239.4064,0,15143,252.006,101.414,206.873,0,0,0,0,0,0,1,0,0,0,0,0,0,0,0
7/16/2018,1140006.67,26567.36,178553.6,0,0,45860.12959,15440,3590008,0,0,9013,252.006,101.414,206.873,0,0,0,0,0,0,1,0,0,0,0,0,0,0,0
7/23/2018,1479303.33,29186.68,0,15518,0,47370.36869,20760,4606123,0,0,22477,252.006,101.414,206.873,0,0,0,0,0,0,1,0,0,0,0,0,0,0,0
7/30/2018,1647193.33,0,0,0,0,77832.99757,23240,5494567,0,0,8906,252.006,101.414,206.873,0,0,0,0,0,0,1,0,0,0,0,0,0,0,0
8/6/2018,2009478.33,39124.48,277723.2,21600.4,0,76885.47655,26320,6045317,0,0,59318,252.126,101.423,207.250,0,0,0,0,0,0,0,1,0,0,0,0,0,0,0
8/13/2018,1523443.33,0,0,0,54622076.1,0,0,5035305,13352.25116,0,19401.65385,252.146,101.425,207.313,0,0,0,0,0,0,0,1,0,0,0,0,0,0,0
8/20/2018,1420118.33,184689.36,319296,0,0,0,0,4208615,0,0,19401.65385,252.146,101.425,207.313,0,0,0,0,0,0,0,1,0,0,0,0,0,0,0
8/27/2018,1673551.67,0,0,0,43864423.45,82233.52452,25760,5541654,13525.41956,0,48020,252.146,101.425,207.313,0,0,0,0,0,0,0,1,0,0,0,0,0,0,0
9/3/2018,2061091.67,34984.24,204640,2317.333333,0,93587.0856,29200,6397383,0,0,70855,252.272,101.461,207.501,0,0,0,0,0,0,0,0,1,0,0,0,0,0,0
9/10/2018,2144110.00,0,0,1608,0,90903.05147,31520,7137648,0,0,46225,252.439,101.508,207.753,0,0,0,0,0,0,0,0,1,0,0,0,0,0,0
9/17/2018,2058653.33,0,138361.6,29055.2,41405945.34,94015.68888,28080,6541298,10208.68332,0,74995,252.439,101.508,207.753,0,0,0,0,0,0,0,0,1,0,0,0,0,0,0
9/24/2018,2208345.00,2663.8,87960,0,0,96795.50383,32680,7283453,0,0,1047,252.439,101.508,207.753,0,0,0,0,0,0,0,0,1,0,0,0,0,0,0
10/1/2018,2603008.33,470110.32,78681.6,8095.333333,11394121.82,106126.9947,37040,7884994,2750.534607,0,34469,252.503,101.506,207.816,0,0,0,0,0,0,0,0,0,1,0,0,0,0,0
10/8/2018,2313193.33,0,0,7769.466667,20322166.64,109267.1523,34480,7610669,6047.538494,0,22232,252.885,101.490,208.193,0,0,0,0,0,0,0,0,0,1,0,0,0,0,0
10/15/2018,2813106.67,133468.56,189321.6,3117.333333,35763073.02,91340.17513,38280,8364119,7327.759899,0,49409,252.885,101.490,208.193,0,0,0,0,0,0,0,0,0,1,0,0,0,0,0
10/22/2018,2665110.00,0,0,0,0,97560.56537,40480,8898789,0,0,49575,252.885,101.490,208.193,0,0,0,0,0,0,0,0,0,1,0,0,0,0,0
10/29/2018,2947875.00,75869.92,0,6384.4,91549168.79,122740.6477,41400,8887808,23795.42848,0,42276,252.885,101.490,208.193,0,0,0,0,0,0,0,0,0,1,0,0,0,0,0
11/5/2018,2768941.67,0,436176,4366.533333,0,118564.7178,42160,8982377,0,0,25332,252.280,101.413,208.654,0,0,0,0,0,0,0,0,0,0,1,0,0,0,0
11/12/2018,2666240.00,172052.76,0,0,117062263.8,0,0,7958631,26185.42459,0,19401.65385,252.038,101.382,208.839,0,0,0,0,0,0,0,0,0,0,1,0,0,0,0
11/19/2018,2559550.00,0,141160,0,0,0,0,8467716,0,0,19401.65385,252.038,101.382,208.839,0,0,0,0,0,0,0,0,0,0,1,0,0,0,0
11/26/2018,2653766.67,160575.6,0,45388.4,65751650.87,156564.3846,48000,7536793,21010.78532,0,301,252.038,101.382,208.839,0,0,0,0,0,0,0,0,0,0,1,0,0,0,0
12/3/2018,2144703.33,0,160676.8,0,0,114123.5145,41960,7097277,0,0,34832,251.693,101.309,209.116,0,0,0,0,0,0,0,0,0,0,0,0,0,0,0
12/10/2018,2451681.67,0,0,18848,0,151823.0073,47320,7989344,0,0,68792,251.233,101.212,209.485,0,0,0,0,0,0,0,0,0,0,0,0,0,0,0
12/17/2018,2469486.67,0,46091.2,0,0,114071.9284,46640,8215719,0,0,37199,251.233,101.212,209.485,0,0,0,0,0,0,0,0,0,0,0,0,0,0,0
12/24/2018,3208150.00,474139.72,0,22355.86667,96601553.4,150402.9825,51440,8125604,27204.02222,0,80865,251.233,101.212,209.485,0,0,0,0,0,0,0,0,0,0,0,0,0,0,1
12/31/2018,2746851.67,154139.72,0,0,0,104634.4757,43480,7314043,0,0,54011,251.233,101.212,209.485,0,0,0,0,0,0,0,0,0,0,0,1,0,0,0
1/7/2019,2566165.00,0,988.8,2710.8,19817822.4,121001.5989,51080,8498273,4427.444333,0,96236,251.712,101.008,210.131,1,0,0,0,0,0,0,0,0,0,0,0,0,0,0
1/14/2019,2554828.33,34751.92,0,2205.333333,0,111908.3588,48880,8027598,0,0,80627,251.712,101.008,210.131,1,0,0,0,0,0,0,0,0,0,0,0,0,0,0
1/21/2019,1959706.67,0,81825.6,8760.666667,31145830.82,117177.8884,41440,6399576,8584.506608,0,629,251.712,101.008,210.131,1,0,0,0,0,0,0,0,0,0,0,0,0,0,0
1/28/2019,2424486.67,95029.2,0,0,0,118231.1025,45600,7415825,0,0,19984,251.712,101.008,210.131,1,0,0,0,0,0,0,0,0,0,0,0,0,0,0
2/4/2019,1953060.00,0,0,12816.13333,0,141999.145,41760,6396016,0,0,55736,252.320,101.039,210.625,0,1,0,0,0,0,0,0,0,0,0,0,0,0,0
2/11/2019,2086935.00,38168.52,0,3575.733333,24004461.65,0,0,6492811,6330.935898,0,19401.65385,252.776,101.062,210.995,0,1,0,0,0,0,0,0,0,0,0,0,0,0,0
2/18/2019,1675816.67,0,0,1505.066667,0,0,0,5588194,0,0,19401.65385,252.776,101.062,210.995,0,1,0,0,0,0,0,0,0,0,0,0,0,0,0
2/25/2019,1976413.33,54362.88,92649.6,1937.466667,1532956.8,88530.39409,36560,6078682,0,0,46243,252.776,101.062,210.995,0,1,0,0,0,0,0,0,0,0,0,0,0,0,0
3/4/2019,1480760.00,0,0,0,0,74092.1597,29840,4933396,0,0,36979,253.591,101.186,211.489,0,0,1,0,0,0,0,0,0,0,0,0,0,0,0
3/11/2019,1425500.00,16470.96,0,0,0,82059.78347,27120,4597321,0,0,23990,254.202,101.279,211.860,0,0,1,0,0,0,0,0,0,0,0,0,0,0,0
3/18/2019,1156860.00,0,0,0,83179409.76,55251.91752,21480,3818999,18362.22735,0,16046,254.202,101.279,211.860,0,0,1,0,0,0,0,0,0,0,0,0,0,0,0
3/25/2019,1252230.00,10450.16,17296,0,0,70906.04073,23920,4083211,0,0,28980,254.202,101.279,211.860,0,0,1,0,0,0,0,0,0,0,0,0,0,0,0
4/1/2019,1209373.33,0,0,0,35494120.25,73888.38653,23640,4017170,9925.966347,0,7453,254.394,101.302,211.983,0,0,0,1,0,0,0,0,0,0,0,0,0,0,0
4/8/2019,1183801.67,143669.44,6171.2,0,0,67424.7476,22360,3588301,0,0,37507,255.548,101.439,212.724,0,0,0,1,0,0,0,0,0,0,0,0,0,0,0
4/15/2019,918593.33,0,0,8988.666667,0,65246.24575,19200,3026520,0,0,43718,255.548,101.439,212.724,0,0,0,1,0,0,0,0,0,0,0,0,0,0,0
4/22/2019,2303595.00,14635.2,0,0,19361443.73,51481.45989,18800,3140648,4790.791785,1,1167,255.548,101.439,212.724,0,0,0,1,0,0,0,0,0,0,0,0,0,0,0
4/29/2019,890675.00,0,0,37397.73333,31687579.01,55800.88355,16880,2828444,7539.372366,0,1546,255.548,101.439,212.724,0,0,0,1,0,0,0,0,0,0,0,0,0,0,0
5/6/2019,989913.33,11087.68,0,0,0,56108.46853,21840,3221944,0,0,34861,256.014,101.514,213.466,0,0,0,0,1,0,0,0,0,0,0,0,1,0,0
5/13/2019,915791.67,0,0,6371.2,65207240.82,0,0,2992910,19365.17519,0,19401.65385,256.092,101.526,213.589,0,0,0,0,1,0,0,0,0,0,0,0,0,0,0
5/20/2019,746205.00,87721.16,17307.2,11368.66667,0,0,0,2251073,0,0,19401.65385,256.092,101.526,213.589,0,0,0,0,1,0,0,0,0,0,0,0,0,0,0
5/27/2019,723785.00,0,11003.2,0,0,40124.09528,15640,2412562,0,0,21000,256.092,101.526,213.589,0,0,0,0,1,0,0,0,0,0,0,0,0,0,0
6/3/2019,903125.00,0,0,4175.733333,0,54839.69036,18600,2989592,0,0,19903,256.114,101.486,213.960,0,0,0,0,0,1,0,0,0,0,0,0,0,1,0
6/10/2019,672250.00,0,0,0,3909308.617,30502.69153,12440,2240235,148.5858155,0,8031,256.143,101.433,214.454,0,0,0,0,0,1,0,0,0,0,0,0,0,0,0
6/17/2019,739783.33,0,0,0,0,36154.65428,14440,2467712,0,0,20173,256.143,101.433,214.454,0,0,0,0,0,1,0,0,0,0,0,0,0,0,0
6/24/2019,831833.33,18481.44,0,0,0,48423.86191,14800,2672133,0,0,26938,256.143,101.433,214.454,0,0,0,0,0,1,0,0,0,0,0,0,0,0,0
7/1/2019,939896.67,0,0,0,0,48153.03819,19160,3132194,0,0,8713,256.204,101.400,214.577,0,0,0,0,0,0,1,0,0,0,0,0,0,0,0
7/8/2019,946510.00,15811.08,0,0,0,45335.22282,18400,3060018,0,0,17384,256.571,101.202,215.318,0,0,0,0,0,0,1,0,0,0,0,0,0,0,0
7/15/2019,1063913.33,0,199395.2,0,0,76716.4668,23160,3505139,0,0,4153,256.571,101.202,215.318,0,0,0,0,0,0,1,0,0,0,0,0,0,0,0
7/22/2019,1278223.33,36148.52,0,0,29956231.06,77347.91665,25560,4004072,8580.424053,0,25861,256.571,101.202,215.318,0,0,0,0,0,0,1,0,0,0,0,0,0,0,0
7/29/2019,1500828.33,0,115297.6,0,0,75327.0771,28560,4982078,0,0,1820,256.571,101.202,215.318,0,0,0,0,0,0,1,0,0,0,0,0,0,0,0
8/5/2019,1843118.33,39029.92,0,0,178298272.9,104317.9339,32440,5672763,46201.17422,0,40473,256.562,100.991,215.734,0,0,0,0,0,0,0,1,0,0,0,0,0,0,0
8/12/2019,1443773.33,0,101840,0,0,0,0,4783227,0,0,19401.65385,256.558,100.907,215.901,0,0,0,0,0,0,0,1,0,0,0,0,0,0,0
8/19/2019,1397435.00,0,0,9660.8,98316054.59,0,0,4520254,29234.75343,0,19401.65385,256.558,100.907,215.901,0,0,0,0,0,0,0,1,0,0,0,0,0,0,0
8/26/2019,1930413.33,0,115566.4,0,0,113575.4021,38960,6397749,0,0,48083,256.558,100.907,215.901,0,0,0,0,0,0,0,1,0,0,0,0,0,0,0
9/2/2019,2106968.33,679.24,0,41193.46667,40745397.76,117697.7752,38400,6637702,12113.87595,0,34061,256.615,100.907,216.067,0,0,0,0,0,0,0,0,1,0,0,0,0,0,0
9/9/2019,2233758.33,147803.4,12734.4,0,0,137929.6683,41280,6774864,0,0,31325,256.759,100.907,216.483,0,0,0,0,0,0,0,0,1,0,0,0,0,0,0
9/16/2019,2575148.33,0,34385.6,43812.93333,18984811.7,155722.9863,48280,8116568,3992.652158,0,70417,256.759,100.907,216.483,0,0,0,0,0,0,0,0,1,0,0,0,0,0,0
9/23/2019,2510951.67,83450.84,0,0,0,145612.5413,46280,7702931,0,0,50905,256.759,100.907,216.483,0,0,0,0,0,0,0,0,1,0,0,0,0,0,0
9/30/2019,2275620.00,0,94366.4,58826.8,0,129677.5559,44040,7060116,0,0,79428,256.759,100.907,216.483,0,0,0,0,0,0,0,0,1,0,0,0,0,0,0
10/7/2019,2505161.67,57791.84,0,0,141452747.1,127530.2265,46040,7603752,41579.38103,0,58284,257.346,101.109,217.065,0,0,0,0,0,0,0,0,0,1,0,0,0,0,0
10/14/2019,2456240.00,0,96692.8,61489.46667,0,152840.3234,44840,7612762,0,0,28157,257.346,101.109,217.065,0,0,0,0,0,0,0,0,0,1,0,0,0,0,0
10/21/2019,2182825.00,61967.04,0,0,56881962.24,103680.0478,41480,6701667,13362.45755,0,10644,257.346,101.109,217.065,0,0,0,0,0,0,0,0,0,1,0,0,0,0,0
10/28/2019,2377706.67,8793,22550.4,6990.4,0,138387.7041,45880,7688920,0,0,9597,257.346,101.109,217.065,0,0,0,0,0,0,0,0,0,1,0,0,0,0,0
11/4/2019,2732825.00,8981.2,0,9620.533333,0,151707.9905,53640,8815710,0,0,90189,257.267,101.262,216.744,0,0,0,0,0,0,0,0,0,0,1,0,0,0,0
11/11/2019,2767788.33,0,0,0,127981119.8,0,0,9067759,36619.07594,0,19401.65385,257.208,101.376,216.504,0,0,0,0,0,0,0,0,0,0,1,0,0,0,0